
@article{antunes14mechanisms,
  title = {Mechanisms of {{Regulation}} of {{Olfactory Transduction}} and {{Adaptation}} in the {{Olfactory Cilium}}},
  author = {Antunes, Gabriela and Sebasti{\~a}o, Ana Maria and de Souza, Fabio Marques Simoes},
  year = {2014},
  month = aug,
  volume = {9},
  pages = {e105531},
  publisher = {{Public Library of Science}},
  issn = {1932-6203},
  doi = {10.1371/journal.pone.0105531},
  file = {G\:\\My Drive\\Literature\\zotero_files\\Antunes et al_2014_Mechanisms of Regulation of Olfactory Transduction and Adaptation in the.pdf},
  journal = {PLOS ONE},
  keywords = {Cilia,Drug therapy,Epithelium,G protein coupled receptors,Odorants,Phosphatases,Phosphorylation,Vesicles},
  language = {en},
  number = {8}
}

@article{chan18odorant,
  title = {Odorant Mixtures Elicit Less Variable and Faster Responses than Pure Odorants},
  author = {Chan, Ho Ka and Hersperger, Fabian and Marachlian, Emiliano and Smith, Brian H. and Locatelli, Fernando and Szyszka, Paul and Nowotny, Thomas},
  year = {2018},
  month = dec,
  volume = {14},
  pages = {e1006536},
  publisher = {{Public Library of Science}},
  issn = {1553-7358},
  doi = {10.1371/journal.pcbi.1006536},
  file = {G\:\\My Drive\\Literature\\zotero_files\\Chan et al_2018_Odorant mixtures elicit less variable and faster responses than pure odorants.pdf},
  journal = {PLOS Computational Biology},
  keywords = {Bees,Drosophila melanogaster,Fluorescence imaging,Honey bees,Neurons,Odorants,Olfactory receptor neurons,Olfactory receptors},
  language = {en},
  number = {12}
}

@article{dolzer08pharmacological,
  title = {Pharmacological {{Investigation}} of {{Protein Kinase C}}- and {{cGMP}}-{{Dependent Ion Channels}} in {{Cultured Olfactory Receptor Neurons}} of the {{Hawkmoth Manduca}} Sexta},
  author = {Dolzer, Jan and Krannich, Steffi and Stengl, Monika},
  year = {2008},
  month = nov,
  volume = {33},
  pages = {803--813},
  issn = {0379-864X},
  doi = {10.1093/chemse/bjn043},
  file = {G\:\\My Drive\\Literature\\zotero_files\\Dolzer et al_2008_Pharmacological Investigation of Protein Kinase C- and cGMP-Dependent Ion.pdf},
  journal = {Chemical Senses},
  number = {9}
}

@article{dougherty05computational,
  title = {Computational Model of the {{cAMP}}-Mediated Sensory Response and Calcium-Dependent Adaptation in Vertebrate Olfactory Receptor Neurons},
  author = {Dougherty, Daniel P. and Wright, Geraldine A. and Yew, Alice C.},
  year = {2005},
  month = jul,
  volume = {102},
  pages = {10415--10420},
  file = {G\:\\My Drive\\Literature\\zotero_files\\Dougherty et al_2005_Computational model of the cAMP-mediated sensory response and calcium-dependent.pdf},
  journal = {Proceedings of the National Academy of Sciences},
  number = {30}
}

@book{grolemundmarkdown,
  title = {R {{Markdown}}: {{The Definitive Guide}}},
  shorttitle = {4.4 {{PowerPoint}} Presentation | {{R Markdown}}},
  author = {Grolemund, J. J. Allaire, Garrett, Yihui Xie}
}

@article{gupta11insect,
  title = {Insect Olfactory Coding and Memory at Multiple Timescales},
  author = {Gupta, Nitin and Stopfer, Mark},
  year = {2011},
  month = oct,
  volume = {21},
  pages = {768--773},
  issn = {0959-4388},
  doi = {10.1016/j.conb.2011.05.005},
  file = {G\:\\My Drive\\Literature\\zotero_files\\Gupta_Stopfer_2011_Insect olfactory coding and memory at multiple timescales.pdf},
  journal = {Current Opinion in Neurobiology},
  language = {en},
  number = {5},
  series = {Networks, Circuits and Computation}
}

@article{huston15neural,
  title = {Neural {{Encoding}} of {{Odors}} during {{Active Sampling}} and in {{Turbulent Plumes}}},
  author = {Huston, Stephen J. and Stopfer, Mark and Cassenaer, Stijn and Aldworth, Zane N. and Laurent, Gilles},
  year = {2015},
  month = oct,
  volume = {88},
  pages = {403--418},
  issn = {0896-6273},
  doi = {10.1016/j.neuron.2015.09.007},
  file = {G\:\\My Drive\\Literature\\zotero_files\\Huston et al_2015_Neural Encoding of Odors during Active Sampling and in Turbulent Plumes.pdf},
  journal = {Neuron},
  language = {en},
  number = {2}
}

@article{jefferis04developmental,
  title = {Developmental Origin of Wiring Specificity in the Olfactory System of {{Drosophila}}},
  author = {Jefferis, Gregory S. X. E. and Vyas, Raj M. and Berdnik, Daniela and Ramaekers, Ariane and Stocker, Reinhard F. and Tanaka, Nobuaki K. and Ito, Kei and Luo, Liqun},
  year = {2004},
  month = jan,
  volume = {131},
  pages = {117--130},
  publisher = {{The Company of Biologists Ltd}},
  issn = {0950-1991, 1477-9129},
  doi = {10.1242/dev.00896},
  chapter = {Research Article},
  copyright = {\textcopyright{} 2004.},
  file = {G\:\\My Drive\\Literature\\zotero_files\\Jefferis et al_2004_Developmental origin of wiring specificity in the olfactory system of Drosophila.pdf},
  journal = {Development},
  keywords = {Antennal lobe,Dendrites,Dendritic development,Drosophila,Olfaction,Projection neurons},
  language = {en},
  number = {1},
  pmid = {14645123}
}

@article{krannich08cyclic,
  title = {Cyclic {{Nucleotide}}-{{Activated Currents}} in {{Cultured Olfactory Receptor Neurons}} of the {{Hawkmoth Manduca}} Sexta},
  author = {Krannich, Steffi and Stengl, Monika},
  year = {2008},
  month = nov,
  volume = {100},
  pages = {2866--2877},
  publisher = {{American Physiological Society}},
  issn = {0022-3077},
  doi = {10.1152/jn.01400.2007},
  file = {G\:\\My Drive\\Literature\\zotero_files\\Krannich_Stengl_2008_Cyclic Nucleotide-Activated Currents in Cultured Olfactory Receptor Neurons of.pdf},
  journal = {Journal of Neurophysiology},
  number = {5}
}

@article{narusuye03spike,
  title = {Spike Encoding of Olfactory Receptor Cells},
  author = {Narusuye, Kenji and Kawai, Fusao and Miyachi, Ei-ichi},
  year = {2003},
  month = aug,
  volume = {46},
  pages = {407--413},
  issn = {0168-0102},
  doi = {10.1016/S0168-0102(03)00131-7},
  file = {G\:\\My Drive\\Literature\\zotero_files\\Narusuye et al_2003_Spike encoding of olfactory receptor cells.pdf},
  journal = {Neuroscience Research},
  keywords = {Action potentials,Ca current,Ionic channels,Na current,Olfactory receptor cells,Patch-clamp,Somatic membrane},
  language = {en},
  number = {4}
}

@article{reisert99adaptation,
  title = {Adaptation of the Odour-Induced Response in Frog Olfactory Receptor Cells},
  author = {Reisert, Johannes and Matthews, H. R.},
  year = {1999},
  volume = {519},
  pages = {801--813},
  issn = {1469-7793},
  doi = {10.1111/j.1469-7793.1999.0801n.x},
  annotation = {\_eprint: https://physoc.onlinelibrary.wiley.com/doi/pdf/10.1111/j.1469-7793.1999.0801n.x},
  copyright = {\textcopyright{} 1999 The Journal of Physiology \textcopyright{} 1999 The Physiological Society},
  file = {G\:\\My Drive\\Literature\\zotero_files\\Reisert_Matthews_1999_Adaptation of the odour-induced response in frog olfactory receptor cells.pdf},
  journal = {The Journal of Physiology},
  language = {en},
  number = {3}
}

@book{xiebookdown,
  title = {Bookdown: {{Authoring Books}} and {{Technical Documents}} with {{R Markdown}}},
  shorttitle = {Bookdown},
  author = {Xie, Yihui}
}

@article{zavada11competitionbased,
  title = {Competition-{{Based Model}} of {{Pheromone Component Ratio Detection}} in the {{Moth}}},
  author = {Zavada, Andrei and Buckley, Christopher L. and Martinez, Dominique and Rospars, Jean-Pierre and Nowotny, Thomas},
  editor = {Brezina, Vladimir},
  year = {2011},
  month = feb,
  volume = {6},
  pages = {e16308},
  issn = {1932-6203},
  doi = {10.1371/journal.pone.0016308},
  file = {G\:\\My Drive\\Literature\\zotero_files\\Zavada et al_2011_Competition-Based Model of Pheromone Component Ratio Detection in the Moth.pdf},
  journal = {PLoS ONE},
  language = {en},
  number = {2}
}

@article{zavada11competitionbaseda,
  title = {Competition-{{Based Model}} of {{Pheromone Component Ratio Detection}} in the {{Moth}}},
  author = {Zavada, Andrei and Buckley, Christopher L. and Martinez, Dominique and Rospars, Jean-Pierre and Nowotny, Thomas},
  year = {2011},
  month = feb,
  volume = {6},
  pages = {e16308},
  publisher = {{Public Library of Science}},
  issn = {1932-6203},
  doi = {10.1371/journal.pone.0016308},
  file = {G\:\\My Drive\\Literature\\zotero_files\\Zavada et al_2011_Competition-Based Model of Pheromone Component Ratio Detection in the Moth2.pdf},
  journal = {PLOS ONE},
  keywords = {Action potentials,Moths and butterflies,Neurons,Olfactory receptor neurons,Olfactory system,Pheromones,Simulation and modeling,Synapses},
  language = {en},
  number = {2}
}

@article{zhao20evolutiona,
  title = {Evolution of Olfactory Circuits in Insects},
  author = {Zhao, Zhilei and McBride, Carolyn S.},
  year = {2020},
  month = may,
  volume = {206},
  pages = {353--367},
  issn = {1432-1351},
  doi = {10.1007/s00359-020-01399-6},
  file = {G\:\\My Drive\\Literature\\zotero_files\\Zhao_McBride_2020_Evolution of olfactory circuits in insects2.pdf},
  journal = {Journal of Comparative Physiology A},
  language = {en},
  number = {3}
}

@article{zylbertal15prolonged,
  title = {Prolonged {{Intracellular Na}}+ {{Dynamics Govern Electrical Activity}} in {{Accessory Olfactory Bulb Mitral Cells}}},
  author = {Zylbertal, Asaph and Kahan, Anat and {Ben-Shaul}, Yoram and Yarom, Yosef and Wagner, Shlomo},
  year = {2015},
  month = dec,
  volume = {13},
  pages = {e1002319},
  publisher = {{Public Library of Science}},
  issn = {1545-7885},
  doi = {10.1371/journal.pbio.1002319},
  file = {G\:\\My Drive\\Literature\\zotero_files\\Zylbertal et al_2015_Prolonged Intracellular Na+ Dynamics Govern Electrical Activity in Accessory.pdf},
  journal = {PLOS Biology},
  keywords = {Action potentials,Cellular extrusion,Electrophysiology,Fluorescence imaging,Functional electrical stimulation,Neuronal dendrites,Neurons,Simulation and modeling},
  language = {en},
  number = {12}
}


